%% This BibTeX bibliography file was created using BibDesk.
%% http://bibdesk.sourceforge.net/


%% Created for Marvin Rausand at 2014-08-12 10:34:20 +0200 


%% Saved with string encoding Unicode (UTF-8) 

@inproceedings{galoppo2005lu,
  title={LU-GPU: Efficient algorithms for solving dense linear systems on graphics hardware},
  author={Galoppo, Nico and Govindaraju, Naga K and Henson, Michael and Manocha, Dinesh},
  booktitle={Proceedings of the 2005 ACM/IEEE conference on Supercomputing},
  pages={3},
  year={2005},
  organization={IEEE Computer Society}
}

@inproceedings{larsen2001fast,
  title={Fast matrix multiplies using graphics hardware},
  author={Larsen, E Scott and McAllister, David},
  booktitle={Proceedings of the 2001 ACM/IEEE conference on Supercomputing},
  pages={55--55},
  year={2001},
  organization={ACM}
}
